<?xml version="1.0" encoding="UTF-8"?><collection xmlns="http://www.loc.gov/MARC21/slim"><record><leader>00578nam--2200181-i-4500</leader><controlfield tag="001">000037391</controlfield><controlfield tag="002">20161230</controlfield><controlfield tag="005">20161230201041</controlfield><controlfield tag="008">060222s1000------------r-----000-0-eng-d</controlfield><datafield ind1=" " ind2=" " tag="040"><subfield code="a">IFIN-HH</subfield></datafield><datafield ind1=" " ind2=" " tag="080"><subfield code="a">524.1:523.165</subfield></datafield><datafield ind1="1" ind2=" " tag="100"><subfield code="a">Kaftanov, V</subfield></datafield><datafield ind1="1" ind2="0" tag="245"><subfield code="a">High energy physics in the urss</subfield><subfield code="c">V. kaftanov</subfield></datafield><datafield ind1=" " ind2=" " tag="260"><subfield code="a">Herceg-novi</subfield><subfield code="b">Ecole Internationale De La Physique Des Particules Elementaires</subfield><subfield code="c">1969</subfield></datafield><datafield ind1=" " ind2=" " tag="300"><subfield code="a">/PAG.DIF.</subfield></datafield><datafield ind1=" " ind2=" " tag="490"><subfield code="a">Ecole Internationale De La Physique Des Particules Elementaires Herceg-novi</subfield></datafield><datafield ind1=" " ind2=" " tag="852"><subfield code="a">32003</subfield><subfield code="c">539.131</subfield></datafield><datafield ind1=" " ind2=" " tag="CAT"><subfield code="a">Sys</subfield><subfield code="c">20120301</subfield><subfield code="h">092441</subfield></datafield></record></collection>